Date,1/1/22,1/7/22,1/13/22,1/19/22,1/25/22,1/31/22,2/6/22,2/12/22,2/18/22,2/24/22,3/2/22,3/8/22,3/14/22,3/20/22,3/26/22,4/1/22,4/7/22,4/13/22,4/19/22,4/25/22,5/1/22,5/7/22,5/13/22,5/19/22,5/25/22,5/31/22,6/6/22,6/12/22,6/18/22,6/24/22,6/30/22,7/6/22,7/12/22,7/18/22,7/24/22,7/30/22,8/5/22,8/11/22,8/17/22,8/23/22,8/29/22,9/4/22,9/10/22,9/16/22,9/22/22,9/28/22,10/4/22,10/10/22,10/16/22,10/22/22,10/28/22,11/3/22,11/9/22,11/15/22,11/21/22,11/27/22,12/3/22,12/9/22,12/15/22,12/21/22,12/27/22,1/2/23,1/8/23,1/14/23,1/20/23,1/26/23,2/1/23,2/7/23,2/13/23,2/19/23,2/25/23,3/3/23,3/9/23,3/15/23,3/21/23,3/27/23,4/2/23,4/8/23,4/14/23,4/20/23,4/26/23,5/2/23,5/8/23,5/14/23,5/20/23,5/26/23,6/1/23,6/7/23,6/13/23,6/19/23,6/25/23,7/1/23,7/7/23,7/13/23,7/19/23,7/25/23,7/31/23,8/6/23,8/12/23,8/18/23,8/24/23,8/30/23,9/5/23,9/11/23,9/17/23,9/23/23,9/29/23,10/5/23,10/11/23,10/17/23,10/23/23,10/29/23,11/4/23,11/10/23,11/16/23,11/22/23,11/28/23,12/4/23,12/10/23,12/16/23,12/22/23,12/28/23
Walk-In,70,90,96,73,58,71,49,25,65,75,62,35,62,95,38,55,66,59,73,73,66,57,17,29,53,58,39,27,90,84,63,68,41,33,15,55,64,12,54,72,21,31,76,35,69,36,65,40,56,86,64,82,67,95,68,41,43,38,46,12,97,49,50,47,96,23,36,24,96,87,43,97,31,16,49,17,12,85,34,43,44,66,96,77,31,38,30,27,12,72,45,93,17,76,13,86,100,91,99,26,14,24,17,73,65,55,23,12,57,80,15,61,63,16,41,28,90,70,83,19,50,42
Sales,2951,73908,64938,44019,93259,44813,25902,41205,58100,17144,18123,80021,94848,55255,71568,83576,95952,92883,6742,26747,41769,27756,12732,9054,63598,97334,40578,98835,21796,63017,58687,90761,13899,32204,82297,28572,13283,90260,19987,45420,40196,97768,76796,65334,83882,32331,15719,91008,27015,18784,7192,75544,71849,96815,89628,38718,31215,20821,23143,41970,39963,38972,37981,36990,35999,35009,34018,33027,32036,31045,30054,29063,28073,27082,26091,25100,24109,23118,22128,21137,20146,19155,18164,17173,16182,15192,14201,13210,12219,11228,10237,9246,8256,7265,6274,5283,4292,3301,2310,1320,329,662,1653,2644,3635,4625,5616,6607,7598,8589,9580,10571,11561,12552,13543,14534,15525,16516,17507,18497,19488,10000
Manager,Johny,Dylan,Bob,Johny,Johny,Dylan,Johny,Dylan,Bob,Dylan,Bob,Bob,Bob,Johny,Dylan,Bob,Johny,Johny,Dylan,Johny,Dylan,Bob,Dylan,Bob,Bob,Dylan,Bob,Johny,Johny,Dylan,Johny,Dylan,Bob,Johny,Johny,Dylan,Johny,Dylan,Bob,Dylan,Bob,Bob,Bob,Johny,Dylan,Bob,Johny,Johny,Dylan,Johny,Dylan,Bob,Dylan,Bob,Bob,Dylan,Bob,Johny,Johny,Dylan,Johny,Dylan,Bob,Johny,Johny,Dylan,Johny,Dylan,Bob,Dylan,Bob,Bob,Dylan,Bob,Johny,Johny,Dylan,Johny,Dylan,Bob,Johny,Johny,Dylan,Johny,Dylan,Bob,Dylan,Bob,Bob,Dylan,Bob,Johny,Johny,Dylan,Johny,Dylan,Bob,Johny,Johny,Dylan,Johny,Dylan,Bob,Dylan,Bob,Bob,Dylan,Bob,Johny,Johny,Dylan,Johny,Dylan,Bob,Johny,Johny,Dylan,Johny,Dylan,Bob,Dylan,Bob
Overtime,true,true,true,false,true,true,true,false,true,true,true,false,true,true,true,false,true,true,true,false,true,true,true,false,true,true,true,false,true,true,true,false,true,true,true,false,true,true,true,false,true,true,true,false,true,true,true,false,true,true,true,false,true,true,true,false,true,true,true,false,true,true,true,true,false,true,true,true,false,true,true,true,false,true,true,true,false,true,true,true,true,false,true,true,true,false,true,true,true,false,true,true,true,false,true,true,true,true,false,true,true,true,false,true,true,true,false,true,true,true,false,true,true,true,true,false,true,true,true,false,true,true
Manager Email,Johny@gmail.com,Dylan@gmail.com,Bob@gmail.com,Johny@gmail.com,Johny@gmail.com,Dylan@gmail.com,Johny@gmail.com,Dylan@gmail.com,Bob@gmail.com,Dylan@gmail.com,Bob@gmail.com,Bob@gmail.com,Bob@gmail.com,Johny@gmail.com,Dylan@gmail.com,Bob@gmail.com,Johny@gmail.com,Johny@gmail.com,Dylan@gmail.com,Johny@gmail.com,Dylan@gmail.com,Bob@gmail.com,Dylan@gmail.com,Bob@gmail.com,Bob@gmail.com,Dylan@gmail.com,Bob@gmail.com,Johny@gmail.com,Johny@gmail.com,Dylan@gmail.com,Johny@gmail.com,Dylan@gmail.com,Bob@gmail.com,Johny@gmail.com,Johny@gmail.com,Dylan@gmail.com,Johny@gmail.com,Dylan@gmail.com,Bob@gmail.com,Dylan@gmail.com,Bob@gmail.com,Bob@gmail.com,Bob@gmail.com,Johny@gmail.com,Dylan@gmail.com,Bob@gmail.com,Johny@gmail.com,Johny@gmail.com,Dylan@gmail.com,Johny@gmail.com,Dylan@gmail.com,Bob@gmail.com,Dylan@gmail.com,Bob@gmail.com,Bob@gmail.com,Dylan@gmail.com,Bob@gmail.com,Johny@gmail.com,Johny@gmail.com,Dylan@gmail.com,Johny@gmail.com,Dylan@gmail.com,Bob@gmail.com,Johny@gmail.com,Johny@gmail.com,Dylan@gmail.com,Johny@gmail.com,Dylan@gmail.com,Bob@gmail.com,Dylan@gmail.com,Bob@gmail.com,Bob@gmail.com,Dylan@gmail.com,Bob@gmail.com,Johny@gmail.com,Johny@gmail.com,Dylan@gmail.com,Johny@gmail.com,Dylan@gmail.com,Bob@gmail.com,Johny@gmail.com,Johny@gmail.com,Dylan@gmail.com,Johny@gmail.com,Dylan@gmail.com,Bob@gmail.com,Dylan@gmail.com,Bob@gmail.com,Bob@gmail.com,Dylan@gmail.com,Bob@gmail.com,Johny@gmail.com,Johny@gmail.com,Dylan@gmail.com,Johny@gmail.com,Dylan@gmail.com,Bob@gmail.com,Johny@gmail.com,Johny@gmail.com,Dylan@gmail.com,Johny@gmail.com,Dylan@gmail.com,Bob@gmail.com,Dylan@gmail.com,Bob@gmail.com,Bob@gmail.com,Dylan@gmail.com,Bob@gmail.com,Johny@gmail.com,Johny@gmail.com,Dylan@gmail.com,Johny@gmail.com,Dylan@gmail.com,Bob@gmail.com,Johny@gmail.com,Johny@gmail.com,Dylan@gmail.com,Johny@gmail.com,Dylan@gmail.com,Bob@gmail.com,Dylan@gmail.com,Bob@gmail.com
